@misc{Fidget_Spinner_Motors,
  title        = {Fidget Spinner Motors},
  author       = {D. Bodnar},
  year         = {2018},
  howpublished = {\url{http://trainelectronics.com/FidgetSpinner/}}
}

@misc{whatMosfet,
  title        = {Fundamentals of MOSFETs and Their Working},
  author       = {Components101},
  year         = {2020},
  howpublished = {\url{https://components101.com/articles/mosfet-symbol-working-operation-types-and-applications}}
}

@misc{BLmoterVideo,
  title        = {Making 6 Core Permanent Magnetic Motor},
  author       = {{Creative Think}},
  year         = {2023},
  howpublished = {\url{https://youtu.be/4tTS13WZG2A}}
}

@misc{BLDCtheory1,
  title        = {RoBoard 研習營 馬達 基本認識 與 BLDC 驅動實驗},
  author       = {{DMP Electronics Inc}},
  year         = {2014},
  howpublished = {\url{https://www.slideserve.com/billy/roboard-bldc}}
}

@misc{whatHall,
  title        = {什麼是霍爾效應感測器？},
  author       = {Manny Soltero},
  year         = {2021},
  howpublished = {\url{https://e2e.ti.com/blogs_/taiwan/b/taiwan1/posts/what-is-a-hall-effect-sensor}}
}

@misc{BLDCtheory2,
  title        = {直流無刷馬達},
  author       = {國立成功大學馬達科技研究中心},
  year         = {n.d.},
  howpublished = {\url{http://km.emotors.ncku.edu.tw/emotor/worklog/EMTRC/motor_learn/elearning/motor/1/lecture_1.4.pdf}}
}

@misc{whatBLDC,
  title        = {第28回 「何謂DC無刷馬達？」},
  author       = {{Taiwan Oriental Motor Co., Ltd}},
  year         = {n.d.},
  howpublished = {\url{https://www.orientalmotor.com.tw/teruyo_det/teruyo_28/}}
}
